%% This BibTeX bibliography file was created using BibDesk.
%% http://bibdesk.sourceforge.net/


%% Created for Davis Shepherd at 2012-05-31 15:38:19 -0700 


%% Saved with string encoding Unicode (UTF-8) 



@article{bayes,
	Author = {Kevin Murphy},
	Date-Added = {2012-05-31 22:32:19 +0000},
	Date-Modified = {2012-05-31 22:33:20 +0000},
	Journal = {Bernoulli},
	Title = {Naive Bayes Classifiers: Generative Classifiers},
	Year = {2006}}

@webpage{mnist,
	Date-Added = {2012-05-31 22:31:01 +0000},
	Date-Modified = {2012-05-31 22:37:26 +0000},
	Title = {\url{http://yann.lecun.com/exdb/mnist/}}}

@article{report,
	Author = {Marco Bressan and Jordi Vitria},
	Date-Added = {2012-06-02 02:21:39 +0000},
	Date-Modified = {2012-06-03 01:52:04 +0000},
	Journal = {VIII Conferencia Iberoamericana de Inteligencia Artificial (IBERAMIA)},
	Title = {Improving Naive Bayes Using Class-Conditional ICA},
	Year = {2002}}

@webpage{writejpeg,
	Date-Added = {2012-05-31 22:31:01 +0000},
	Date-Modified = {2012-05-31 22:37:26 +0000},
 	Title = {\url{http://www.rforge.net/doc/packages/jpeg/html/writeJPEG.html}}}

